@article{PaigeSaunders:1977:Kalman,
  author="Christopher C. Paige and Michael A. Saunders", 
  title="Least Squares Estimation of Discrete Linear Dynamic System 
         Using Orthogonal Transformations", 
  journal="SIAM Journal on Numerical Analysis", 
  volume=14,
  number=2,
  year=1977,
  pages="180--193",
  doi="10.1137/0714012",
}

@article{Kalman:1960:KalmanFilter,
  author="Kalman, R. E.",
  title="A New Approach to Linear Filtering and Prediction Problems",
  journal="Journal of Basic Engineering",
  year=1960,
  volume=82,
  number=1,
  pages="35--45",
  publisher="ASME",
  doi="10.1115/1.3662552",
}

@article{DucanHornKalman,
  author="D. B. Duncan and S. D. Horn",
  title="Linear Dynamic Recursive Estimation from the Viewpoint of Regression Analysis",
  journal="Journal of the American Statistical Association",
  volume=67,
  number=340,
  pages="815--821",
  year=1972,
  doi="10.1080/01621459.1972.10481299",
}

@book{BrownHwangKalman3,
  title="Introduction to Random Signals and Applied Kalman Filtering",
  author="Brown, Robert Grover and Hwang, Patrick Y. C.",
  publisher="Wiley",
  year=1997,
  edition="3rd",
}

@book{GrewalAndrewsKalman4,
  title="{Kalman} Filtering: Theory and Practice with {MATLAB}",
  author="Grewal, Mohinder S. and Andrews, Angus P.",
  publisher="Wiley",
  edition="4th",
  year=2015
}

@book{GrewalAndrewsKalman,
  title="Kalman Filtering: Theory and Practice",
  author="Grewal, Mohinder S. and Andrews, Angus P.",
  publisher="Prentice Hall",
  year=1993
}

@article{Aitken:1934:generalized-BLUE,
  author="Aitken, A. C.",
  year=1936,
  title="On Least Squares and Linear Combinations of Observations",
  journal="Proceedings of the Royal Society of Edinburgh",
  volume=55,
  pages="42--48",
  doi="10.1017/S0370164600014346",
}

@article{AFreshLook2012,
  author = {Humpherys, Jeffrey and Redd, Preston and West, Jeremy},
  title = "A Fresh Look at the {Kalman} Filter",
  journal = {SIAM Review},
  volume = {54},
  number = {4},
  pages = {801--823},
  year = {2012},
  doi = {10.1137/100799666},
}

@incollection{Paige1985Covariance,
  author="Christopher C. Paige",
  title="Covariance matrix representation in linear filtering",
  booktitle="Linear algebra and its role in systems theory",
  editor="Richard A. Brualdi and David H. Carlson and Biswa Nath Datta
          and Charles R. Johnson and Robert J. Plemmons",
  series="Contemporary Mathematics",
  number=47,
  year=1985,
  doi="10.1090/conm/047/828311",
  publisher="AMS",
}

@book{LocationEstimationFromTheGroundUp,
  author    = "Sivan Toledo",
  title     = "Location Estimation from the Ground Up",
  publisher = "Society for Industrial and Applied Mathematics",
  year      = 2020,
  doi       = "10.1137/1.9781611976298",
  address   = "Philadelphia, PA",
  xurl       = "https://doi.org/10.1137/1.9781611976298",
  xeISBN     = "978-1-61197-629-8",
  xISBN      = "978-1-61197-628-1"
}

@article{Autofilter2004,
  author = {Whittle, Jon and Schumann, Johann},
  title = "Automating the Implementation of {Kalman} Filter Algorithms",
  year = {2004},
  xpublisher = {Association for Computing Machinery},
  xaddress = {New York, NY, USA},
  volume = {30},
  number = {4},
  xissn = {0098-3500},
  xurl = {https://doi.org/10.1145/1039813.1039816},
  doi = {10.1145/1039813.1039816},
  journal = {ACM Transactions on Mathemathical Software},
  xmonth = {dec},
  pages = {434--453},
}

@article{KalmanFortran90,
  author = {Torres, Germ{\'a}n A.},
  title = "Algorithm 900: A Discrete Time {Kalman} Filter Package for Large Scale Problems",
  year = {2010},
  xpublisher = {Association for Computing Machinery},
  xaddress = {New York, NY, USA},
  volume = {37},
  number = {1},
  xissn = {0098-3500},
  xurl = {https://doi.org/10.1145/1644001.1644012},
  doi = {10.1145/1644001.1644012},
  journal = {ACM Transactions on Mathemathical Software},
  xmonth = {jan},
  pages = {11:1--11:16},
}

@article{JSS:SpaceStateToolbooxMATLAB,
  title="The State Space Models Toolbox for {MATLAB}",
  volume={41},
  xurl={https://www.jstatsoft.org/index.php/jss/article/view/v041i06},
  doi={10.18637/jss.v041.i06},
  number={6},
  journal={Journal of Statistical Software},
  author={Peng, Jyh-Ying and Aston, John A. D.},
  year={2011},
  pages={1--26}
}

@article{JSS:KalmanInR,
  title="{Kalman} Filtering in {R}",
  volume={39},
  xurl={https://www.jstatsoft.org/index.php/jss/article/view/v039i02},
  doi={10.18637/jss.v039.i02},
  number={2},
  journal={Journal of Statistical Software},
  author={Tusell, Fernando},
  year={2011},
  pages={1--27}
}

@article{JSS:SSpace,
 title={{SSpace}: A Toolbox for State Space Modeling},
 volume={87},
 xurl={https://www.jstatsoft.org/index.php/jss/article/view/v087i05},
 doi={10.18637/jss.v087.i05},
 number={5},
 journal={Journal of Statistical Software},
 author={Villegas, Marco A. and Pedregal, Diego J.},
 year={2018},
 pages={1--26}
}



% BLAS

@article{BLAS3ALG,
  author = {Dongarra, J. J. and Cruz, Jermey Du and Hammarling, Sven and Duff, I. S.},
  title = {Algorithm 679: A Set of Level 3 Basic Linear Algebra Subprograms: Model Implementation and Test Programs},
  year = {1990},
  xissue_date = {March 1990},
  xpublisher = {Association for Computing Machinery},
  xaddress = {New York, NY, USA},
  volume = {16},
  number = {1},
  xissn = {0098-3500},
  xurl = {https://doi.org/10.1145/77626.77627},
  doi = {10.1145/77626.77627},
  journal = {ACM Transactions on Mathematical Software},
  xmonth = {mar},
  xpages = {18--28},
}

@article{BLAS,
  author = {Dongarra, J. J. and Du Croz, Jeremy and Hammarling, Sven and Duff, I. S.},
  title = {A Set of Level 3 Basic Linear Algebra Subprograms},
  year = {1990},
  xissue_date = {March 1990},
  xpublisher = {Association for Computing Machinery},
  xaddress = {New York, NY, USA},
  volume = {16},
  number = {1},
  xissn = {0098-3500},
  xurl = {https://doi.org/10.1145/77626.79170},
  doi = {10.1145/77626.79170},
  journal = {ACM Trans. Math. Softw.},
  xmonth = {mar},
  pages = {1--17},
  xnumpages = {17}
}

% LAPACK

@Book{LAPACK-UG,
  Title       = {LAPACK Users' Guide},
  Author      = {E. Anderson and Z. Bai and C. Bischof and S. Blackford and J. Demmel J. Dongarra and J. Du Croz and A. Greenbaum and S. Hammarling and A. McKenney and D. Sorensen},
  Publisher   = {SIAM},
  Year        = {1999},
  Address     = {Philadelphia, PA, USA},
  Edition     = {3rd}
}

% MATLAB

@Manual{MATLAB,
  author  = {MathWorks},
  title   = {\proglang{MATLAB} Software, Version~R2021b},
  year    = {2021},
  xaddress = {Cary, },
  url     = {https://www.mathworks.com/}
}

@Book{Bjorck:1996:NML,
  author =       "{\AA}ke Bj{\"o}rck",
  title =        "Numerical Methods for Least Squares Problems",
  publisher =    "SIAM",
  address     = {Philadelphia, PA, USA},
  year =         "1996",
  ISBN =         "0-89871-360-9",
  pages =        "xvii+408",
}

@Book{Golub:2013:MC,
  author =       "Gene H. Golub and Charles F. Van Loan",
  title =        "Matrix Computations",
  edition =      "4th",
  publisher =     "Johns Hopkins University Press",
  xaddress =      "Baltimore, MD, USA",
  year =         "2013",
  pages =        "xxi+756",
  ISBN =         "1-4214-0794-9 (hardcover), 1-4214-0859-7 (ebook)",
}

@Book{Higham:2002:ASN,
  author =       "Nicholas J. Higham",
  title =        "Accuracy and Stability of Numerical Algorithms",
  publisher =    "SIAM",
  address     = {Philadelphia, PA, USA},
  edition =      "2nd",
  year =         "2002",
  pages =        "xxx+680",
  ISBN =         "0-89871-521-0"
}

@misc{SaundersEmail2018,
  author       = "Michael Saunders",
  title        = "Private Communication",
  howpublished = "email",
  month        = "oct",
  year         = "2018",
  xnote         = "",
  xannote       = ""
 }
 
 @article{HouseholderQR,
  author = {Householder, Alston S.},
  title = {Unitary Triangularization of a Nonsymmetric Matrix},
  year = {1958},
  xissue_date = {Oct. 1958},
  xpublisher = {Association for Computing Machinery},
  xaddress = {New York, NY, USA},
  volume = {5},
  number = {4},
  xissn = {0004-5411},
  xurl = {https://doi.org/10.1145/320941.320947},
  doi = {10.1145/320941.320947},
  journal = {Journal of the ACM},
  xmonth = {oct},
  pages = {339--342},
  xnumpages = {4}
}

@techreport{Givens1954,
  title = {Numerical Computation of the Characteristic Values of a Real Symmetric Matrix},
  author = {Givens, Wallace},
  doi = {10.2172/4412175},
  xurl = {https://www.osti.gov/biblio/4412175}, 
  institution = {Oak Ridge National Laboratory},
  number = 1574,
  year = {1954}
}

@Manual{MKL,
  author  = {Intel},
  title   = "{oneAPI} Math Kernel Library ({oneMKL})",
  url     = {https://www.intel.com/content/www/us/en/developer/tools/oneapi/onemkl-download.html},
  year    = {2024},
  note    = {downloaded version 2024.0.1 in April 2024},
}

@Manual{VSCommunity,
  author  = {Microsoft},
  title   = "Visual Studio Community 2022",
  url     = {https://visualstudio.microsoft.com/vs/community/},
  year    = {2024},
  note    = {downloaded in April 2024},
}



 